@article{aspell2011multisensory,
  title={Multisensory perception and bodily self-consciousness: from out-of body to inside-body experience},
  author={Aspell, Jane and Lenggenhager, Bigna and Blanke, Olaf},
  journal={The neural bases of multisensory processes},
  number={BOOK\_CHAP},
  year={2011},
  publisher={CRC Press}
}

@article{azevedo2016participants,
  title={Participants’ above-chance recognition of own-heart sound combined with poor metacognitive awareness suggests implicit knowledge of own heart cardiodynamics},
  author={Azevedo, Ruben T and Aglioti, Salvatore Maria and Lenggenhager, Bigna},
  journal={Scientific reports},
  volume={6},
  number={1},
  pages={1--7},
  year={2016},
  publisher={Nature Publishing Group}
}

@article{berlucchi2010body,
  title={The body in the brain revisited},
  author={Berlucchi, Giovanni and Aglioti, Salvatore M},
  journal={Experimental brain research},
  volume={200},
  number={1},
  pages={25--35},
  year={2010},
  publisher={Springer}
}

@article{bland1997difference,
  title={Difference versus mean plots},
  author={Bland, JM and Altman, DG},
  journal={Annals of clinical biochemistry},
  volume={34},
  number={5},
  pages={570--571},
  year={1997},
  publisher={SAGE Publications Sage UK: London, England}
}

@article{blanke2012multisensory,
  title={Multisensory brain mechanisms of bodily self-consciousness},
  author={Blanke, Olaf},
  journal={Nature Reviews Neuroscience},
  volume={13},
  number={8},
  pages={556--571},
  year={2012},
  publisher={Nature Publishing Group}
}

@article{botvinick1998rubber,
  title={Rubber hands ‘feel’touch that eyes see},
  author={Botvinick, Matthew and Cohen, Jonathan},
  journal={Nature},
  volume={391},
  number={6669},
  pages={756--756},
  year={1998},
  publisher={Nature Publishing Group}
}

@book{cash2012encyclopedia,
  title={Encyclopedia of body image and human appearance},
  author={Cash, Thomas F},
  year={2012},
  publisher={Academic Press}
}

@article{clark2013whatever,
  title={Whatever next? Predictive brains, situated agents, and the future of cognitive science},
  author={Clark, Andy},
  journal={Behavioral and brain sciences},
  volume={36},
  number={3},
  pages={181--204},
  year={2013},
  publisher={Cambridge University Press}
}

@book{comrey2013first,
  title={A first course in factor analysis},
  author={Comrey, Andrew L and Lee, Howard B},
  year={2013},
  publisher={Psychology press}
}

@article{cooper1987development,
  title={The development and validation of the Body Shape Questionnaire},
  author={Cooper, Peter J and Taylor, Melanie J and Cooper, Zafra and Fairbum, Christopher G},
  journal={International Journal of eating disorders},
  volume={6},
  number={4},
  pages={485--494},
  year={1987},
  publisher={Wiley Online Library}
}

@article{cuzzolaro2006body,
  title={The Body Uneasiness Test (BUT): development and validation of a new body image assessment scale},
  author={Cuzzolaro, Massimo and Vetrone, G and Marano, G and Garfinkel, PE},
  journal={Eating and Weight Disorders-Studies on Anorexia, Bulimia and Obesity},
  volume={11},
  number={1},
  pages={1--13},
  year={2006},
  publisher={Springer}
}

@book{dancey2007statistics,
  title={Statistics without maths for psychology},
  author={Dancey, Christine P and Reidy, John},
  year={2007},
  publisher={Pearson education}
}

@article{durlik2014being,
  title={Being watched: The effect of social self-focus on interoceptive and exteroceptive somatosensory perception},
  author={Durlik, Caroline and Cardini, Flavia and Tsakiris, Manos},
  journal={Consciousness and cognition},
  volume={25},
  pages={42--50},
  year={2014},
  publisher={Elsevier}
}


@article{ehrsson201243,
  title={43 The concept of body ownership and its relation to multisensory integration},
  author={Ehrsson, H Henrik},
  journal={The New Handbook of Multisensory Process},
  year={2012},
  publisher={MIT press Cambridge, MA}
}

@article{farb2013mindfulness,
  title={Mindfulness meditation training alters cortical representations of interoceptive attention},
  author={Farb, Norman AS and Segal, Zindel V and Anderson, Adam K},
  journal={Social cognitive and affective neuroscience},
  volume={8},
  number={1},
  pages={15--26},
  year={2013},
  publisher={Oxford University Press}
}

@article{garfinkel2017investigation,
  title={An investigation of interoceptive processes across the senses},
  author={Garfinkel, Sarah N and Manassei, Miranda F and Engels, Miriam and Gould, Cassandra and Critchley, Hugo D},
  journal={Biological Psychology},
  volume={129},
  pages={371--372},
  year={2017},
  publisher={Elsevier}
}

@article{garfinkel2016interoceptive,
  title={Interoceptive dimensions across cardiac and respiratory axes},
  author={Garfinkel, Sarah N and Manassei, Miranda F and Hamilton-Fletcher, Giles and In den Bosch, Yvo and Critchley, Hugo D and Engels, Miriam},
  journal={Philosophical Transactions of the Royal Society B: Biological Sciences},
  volume={371},
  number={1708},
  pages={20160014},
  year={2016},
  publisher={The Royal Society}
}

@article{garfinkel2015knowing,
  title={Knowing your own heart: distinguishing interoceptive accuracy from interoceptive awareness},
  author={Garfinkel, Sarah N and Seth, Anil K and Barrett, Adam B and Suzuki, Keisuke and Critchley, Hugo D},
  journal={Biological psychology},
  volume={104},
  pages={65--74},
  year={2015},
  publisher={Elsevier}
}

@article{goldman2009social,
  title={Is social cognition embodied?},
  author={Goldman, Alvin and de Vignemont, Frederique},
  journal={Trends in cognitive sciences},
  volume={13},
  number={4},
  pages={154--159},
  year={2009},
  publisher={Elsevier}
}

@article{guardia2010anticipation,
  title={Anticipation of body-scaled action is modified in anorexia nervosa},
  author={Guardia, Dewi and Lafargue, Gilles and Thomas, Pierre and Dodin, Vincent and Cottencin, Olivier and Luyat, Marion},
  journal={Neuropsychologia},
  volume={48},
  number={13},
  pages={3961--3966},
  year={2010},
  publisher={Elsevier}
}

@article{harver1993signal,
  title={Signal-detection outcomes on heartbeat and respiratory resistance detection tasks in male and female subjects},
  author={Harver, Andrew and Katkin, Edward S and Bloch, Elisabeth},
  journal={Psychophysiology},
  volume={30},
  number={3},
  pages={223--230},
  year={1993},
  publisher={Wiley Online Library}
}

@article{herbert2012interoception,
  title={Interoception across modalities: on the relationship between cardiac awareness and the sensitivity for gastric functions},
  author={Herbert, Beate M and Muth, Eric R and Pollatos, Olga and Herbert, Cornelia},
  journal={PloS one},
  volume={7},
  number={5},
  pages={e36646},
  year={2012},
  publisher={Public Library of Science}
}

@article{herbert2012body,
  title={The body in the mind: on the relationship between interoception and embodiment},
  author={Herbert, Beate M and Pollatos, Olga},
  journal={Topics in cognitive science},
  volume={4},
  number={4},
  pages={692--704},
  year={2012},
  publisher={Wiley Online Library}
}

@article{horn1965rationale,
  title={A rationale and test for the number of factors in factor analysis},
  author={Horn, John L},
  journal={Psychometrika},
  volume={30},
  number={2},
  pages={179--185},
  year={1965},
  publisher={Springer}
}

@article{hurliman2005double,
  title={Double dissociation of exteroceptive and interoceptive feedback systems in the orbital and ventromedial prefrontal cortex of humans},
  author={Hurliman, Elisabeth and Nagode, Jennifer C and Pardo, Jos{\'e} V},
  journal={Journal of Neuroscience},
  volume={25},
  number={18},
  pages={4641--4648},
  year={2005},
  publisher={Soc Neuroscience}
}

@article{kaiser1974little,
  title={Little jiffy, mark IV},
  author={Kaiser, Henry F and Rice, John},
  journal={Educational and psychological measurement},
  volume={34},
  number={1},
  pages={111--117},
  year={1974},
  publisher={Sage Publications Sage CA: Thousand Oaks, CA}
}

@article{mehling2018multidimensional,
  title={The multidimensional assessment of interoceptive awareness, version 2 (MAIA-2)},
  author={Mehling, Wolf E and Acree, Michael and Stewart, Anita and Silas, Jonathan and Jones, Alexander},
  journal={PloS one},
  volume={13},
  number={12},
  pages={e0208034},
  year={2018},
  publisher={Public Library of Science San Francisco, CA USA}
}

@article{miller1981consciousness,
  title={Consciousness of body: Private and public.},
  author={Miller, Lynn C and Murphy, Richard and Buss, Arnold H},
  journal={Journal of personality and social psychology},
  volume={41},
  number={2},
  pages={397},
  year={1981},
  publisher={American Psychological Association}
}

@article{mirams2012interoceptive,
  title={Interoceptive and exteroceptive attention have opposite effects on subsequent somatosensory perceptual decision making},
  author={Mirams, Laura and Poliakoff, Ellen and Brown, Richard J and Lloyd, Donna M},
  journal={Quarterly Journal of Experimental Psychology},
  volume={65},
  number={5},
  pages={926--938},
  year={2012},
  publisher={SAGE Publications Sage UK: London, England}
}

@article{monti2021inside,
  title={The inside of me: interoceptive constraints on the concept of self in neuroscience and clinical psychology},
  author={Monti, Alessandro and Porciello, Giuseppina and Panasiti, Maria Serena and Aglioti, Salvatore Maria},
  journal={Psychological Research},
  pages={1--10},
  year={2021},
  publisher={Springer}
}

@article{monti2020embreathment,
  title={The “embreathment” illusion highlights the role of breathing in corporeal awareness},
  author={Monti, Alessandro and Porciello, Giuseppina and Tieri, Gaetano and Aglioti, Salvatore M},
  journal={Journal of Neurophysiology},
  volume={123},
  number={1},
  pages={420--427},
  year={2020},
  publisher={American Physiological Society Bethesda, MD}
}

@article{olmsted2004body,
  title={Body weight and body image},
  author={Olmsted, Marion P and McFarlane, Traci},
  journal={BMC women's health},
  volume={4},
  number={1},
  pages={1--9},
  year={2004},
  publisher={Springer}
}

@article{park2019coupling,
  title={Coupling inner and outer body for self-consciousness},
  author={Park, Hyeong-Dong and Blanke, Olaf},
  journal={Trends in cognitive sciences},
  volume={23},
  number={5},
  pages={377--388},
  year={2019},
  publisher={Elsevier}
}

@article{porciello2018enfacement,
  title={The ‘Enfacement’illusion: a window on the plasticity of the self},
  author={Porciello, Giuseppina and Bufalari, Ilaria and Minio-Paluello, Ilaria and Di Pace, Enrico and Aglioti, Salvatore Maria},
  journal={Cortex},
  volume={104},
  pages={261--275},
  year={2018},
  publisher={Elsevier}
}
@article{porges1993body,
  title={Body perception questionnaire: Laboratory of developmental assessment university of Maryland},
  author={Porges, S},
  journal={Pridobljeno},
  volume={15},
  number={12},
  pages={2009},
  year={1993}
}

@article{roberts2011body,
  title={Body odor quality predicts behavioral attractiveness in humans},
  author={Roberts, S Craig and Kralevich, Alexandra and Ferdenzi, Camille and Saxton, Tamsin K and Jones, Benedict C and DeBruine, Lisa M and Little, Anthony C and Havlicek, Jan},
  journal={Archives of Sexual Behavior},
  volume={40},
  number={6},
  pages={1111--1117},
  year={2011},
  publisher={Springer}
}

@article{schandry1981heart,
  title={Heart beat perception and emotional experience},
  author={Schandry, Rainer},
  journal={Psychophysiology},
  volume={18},
  number={4},
  pages={483--488},
  year={1981},
  publisher={Wiley Online Library}
}

@article{scheier1985self,
  title={The Self-Consciousness Scale: A Revised Version for Use with General Populations 1},
  author={Scheier, Michael F and Carver, Charles S},
  journal={Journal of Applied Social Psychology},
  volume={15},
  number={8},
  pages={687--699},
  year={1985},
  publisher={Wiley Online Library}
}
@article{seth2013interoceptive,
  title={Interoceptive inference, emotion, and the embodied self},
  author={Seth, Anil K},
  journal={Trends in cognitive sciences},
  volume={17},
  number={11},
  pages={565--573},
  year={2013},
  publisher={Elsevier}
}

@article{seth2016active,
  title={Active interoceptive inference and the emotional brain},
  author={Seth, Anil K and Friston, Karl J},
  journal={Philosophical Transactions of the Royal Society B: Biological Sciences},
  volume={371},
  number={1708},
  pages={20160007},
  year={2016},
  publisher={The Royal Society}
}

@article{simmons2013keeping,
  title={Keeping the body in mind: insula functional organization and functional connectivity integrate interoceptive, exteroceptive, and emotional awareness},
  author={Simmons, W Kyle and Avery, Jason A and Barcalow, Joel C and Bodurka, Jerzy and Drevets, Wayne C and Bellgowan, Patrick},
  journal={Human brain mapping},
  volume={34},
  number={11},
  pages={2944--2958},
  year={2013},
  publisher={Wiley Online Library}
}
@article{sorokowska2018global,
  title={Global study of social odor awareness},
  author={Sorokowska, Agnieszka and Groyecka, Agata and Karwowski, Maciej and Frackowiak, Tomasz and Lansford, Jennifer E and Ahmadi, Khodabakhsh and Alghraibeh, Ahmad M and Aryeetey, Richmond and Bertoni, Anna and Bettache, Karim and others},
  journal={Chemical senses},
  volume={43},
  number={7},
  pages={503--513},
  year={2018},
  publisher={Oxford University Press UK}
}

@article{stanislaw1999calculation,
  title={Calculation of signal detection theory measures},
  author={Stanislaw, Harold and Todorov, Natasha},
  journal={Behavior research methods, instruments, \& computers},
  volume={31},
  number={1},
  pages={137--149},
  year={1999},
  publisher={Springer}
}

@article{steptoe1997perception,
  title={The perception of bodily sensations, with special reference to hypochondriasis},
  author={Steptoe, Andrew and Noll, Alexander},
  journal={Behaviour Research and Therapy},
  volume={35},
  number={10},
  pages={901--910},
  year={1997},
  publisher={Elsevier}
}

@book{streiner2015health,
  title={Health measurement scales: a practical guide to their development and use},
  author={Streiner, David L and Norman, Geoffrey R and Cairney, John},
  year={2015},
  publisher={Oxford University Press, USA}
}

@article{suzuki2013multisensory,
  title={Multisensory integration across exteroceptive and interoceptive domains modulates self-experience in the rubber-hand illusion},
  author={Suzuki, Keisuke and Garfinkel, Sarah N and Critchley, Hugo D and Seth, Anil K},
  journal={Neuropsychologia},
  volume={51},
  number={13},
  pages={2909--2917},
  year={2013},
  publisher={Elsevier}
}

@article{tomas2016body,
  title={Body image and body dysmorphic concerns},
  author={Tomas-Aragones, Lucia and Marron, Servando E},
  journal={Acta dermato-venereologica},
  volume={96},
  number={217},
  pages={47--50},
  year={2016},
  publisher={Medical Journals Limited}
}

@article{valenzuela2017exteroceptive,
  title={Exteroceptive and interoceptive body-self awareness in fibromyalgia patients},
  author={Valenzuela-Moguillansky, Camila and Reyes-Reyes, Alejandro and Gaete, Mar{\'\i}a I},
  journal={Frontiers in human neuroscience},
  volume={11},
  pages={117},
  year={2017},
  publisher={Frontiers}
}

@article{van2016water,
  title={The water load test as a measure of gastric interoception: Development of a two-stage protocol and application to a healthy female population},
  author={Van Dyck, Zo{\'e} and V{\"o}gele, Claus and Blechert, Jens and Lutz, Annika PC and Schulz, Andr{\'e} and Herbert, Beate M},
  journal={PloS one},
  volume={11},
  number={9},
  pages={e0163574},
  year={2016},
  publisher={Public Library of Science San Francisco, CA USA}
}

@article{whitehead1980perception,
  title={Perception of gastric contractions and self-control of gastric motility},
  author={Whitehead, William E and Drescher, Vincent M},
  journal={Psychophysiology},
  volume={17},
  number={6},
  pages={552--558},
  year={1980},
  publisher={Wiley Online Library}
}
@article{whitehead1977relation,
  title={Relation of heart rate control to heartbeat perception},
  author={Whitehead, William E and Drescher, Vincent M and Heiman, Peter and Blackwell, Barry},
  journal={Biofeedback and Self-regulation},
  volume={2},
  number={4},
  pages={371--392},
  year={1977},
  publisher={Springer}
}